@ARTICLE{2023Chen-Phase-Shift-DAB,
  author={Chen, Runtian and Li, Chushan and Li, Chengmin and Fang, Heng and Lu, Rui and Yao, Wenxi and Li, Wuhua and He, Xiangning},
  journal={IEEE Transactions on Transportation Electrification}, 
  title={Phase-Shift Angle Segmentation Modulation for Soft-Switching Medium Voltage DAB Converter with Series-Connected SiC MOSFETs}, 
  year={2023},
  volume={},
  number={},
  pages={1-1},
  doi={10.1109/TTE.2023.3265112}}


@ARTICLE{2023Bhawal-SST,
  author={Bhawal, Shekhar and Patel, Himanshu and Hatua, Kamalesh and Vasudevan, Krishna and Bhattacharya, Subhashish},
  journal={IEEE Transactions on Power Electronics}, 
  title={Solid State Transformer Based on Naturally Cell Balanced Series Resonant Converter With Cascaded H-Bridge Cells Switched At Grid Frequency}, 
  year={2023},
  volume={},
  number={},
  pages={1-14},
  doi={10.1109/TPEL.2023.3263754}}
  
